<?xml version="1.0" encoding="UTF-8"?>
<collection xmlns="http://www.loc.gov/MARC21/slim">

    <!-- 260ababc -->
    <record>
        <leader>66662cim  2200457Ia 45í0</leader>
        <controlfield tag="001">a260ababc</controlfield>
        <controlfield tag="008">041202s2000    mdunnn  s      f    eng d</controlfield>
        <datafield tag="245" ind1="1" ind2="4">
            <subfield code="a">260ababc</subfield>
        </datafield>
        <datafield tag="260" ind1="#" ind2="#">
            <subfield code="a">Paris :</subfield>
            <subfield code="b">Gauthier-Villars ;</subfield>
            <subfield code="a">Chicago :</subfield>
            <subfield code="b">University of Chicago Press,</subfield>
            <subfield code="c">1955.</subfield>
        </datafield>
    </record>