
    
    <!-- 260abbc -->
    <record>
        <leader>66662cim  2200457Ia 45í0</leader>
        <controlfield tag="001">a260abbc</controlfield>
        <controlfield tag="008">041202s2000    mdunnn  s      f    eng d</controlfield>
        <datafield tag="245" ind1="1" ind2="4">
            <subfield code="a">260abbc</subfield>
        </datafield>
        <datafield tag="260" ind1="#" ind2="#">
            <subfield code="a">Washington, D.C. :</subfield>
            <subfield code="b">first b :</subfield>
            <subfield code="b">second b U.S. G.P.O.,</subfield>
            <subfield code="c">1981.</subfield>
        </datafield>
    </record>