
    
    <!-- 260-3ab -->
    <record>
        <leader>66662cim  2200457Ia 45í0</leader>
        <controlfield tag="001">a260ab3</controlfield>
        <controlfield tag="008">041202s2000    mdunnn  s      f    eng d</controlfield>
        <datafield tag="245" ind1="1" ind2="4">
            <subfield code="a">260-3ab</subfield>
        </datafield>
        <datafield tag="260" ind1="2" ind2="#">
            <subfield code="3">1980-May 1993</subfield>
            <subfield code="a">London :</subfield>
            <subfield code="b">Vogue</subfield>
        </datafield>
    </record>