
    
    <!-- 260a s.l. - unknown place -->
    <record>
        <leader>66662cim  2200457Ia 45í0</leader>
        <controlfield tag="001">a260aunknown</controlfield>
        <controlfield tag="008">041202s2000    mdunnn  s      f    eng d</controlfield>
        <datafield tag="245" ind1="1" ind2="4">
            <subfield code="a">260a s.l. - unknown place</subfield>
        </datafield>
        <datafield tag="260" ind1="#" ind2="#">
            <subfield code="a">[S.l.] :</subfield>
            <subfield code="b">Insight Press,</subfield>
            <subfield code="c">1981.</subfield>
        </datafield>
    </record>