
    
    <!-- 260a s.l. - again -->
    <record>
        <leader>66662cim  2200457Ia 45í0</leader>
        <controlfield tag="001">a260abaslbc</controlfield>
        <controlfield tag="008">041202s2000    mdunnn  s      f    eng d</controlfield>
        <datafield tag="245" ind1="1" ind2="4">
            <subfield code="a">260aba s.l. bc - unknown place in 2nd b subfield</subfield>
        </datafield>
        <datafield tag="260" ind1="#" ind2="#">
            <subfield code="a">[Philadelphia] :</subfield>
            <subfield code="b">Some name</subfield>
            <subfield code="a">[s.l.] :</subfield>
            <subfield code="b">another name</subfield>
            <subfield code="c">1980-</subfield>
        </datafield>
    </record>