
 
<!-- 260c publication dates -->
 
    <!-- 260 c right bracket -->
    <record>
        <leader>66662cim  2200457Ia 45í0</leader>
        <controlfield tag="001">a260crightbracket</controlfield>
        <controlfield tag="008">041202s2000    mdunnn  s      f    eng d</controlfield>
        <datafield tag="245" ind1="1" ind2="4">
            <subfield code="a">260 c right bracket</subfield>
        </datafield>
        <datafield tag="260" ind1="#" ind2="#">
            <subfield code="a">[i.e. Bruxelles :</subfield>
            <subfield code="b">Moens,</subfield>
            <subfield code="c">1883]</subfield>
        </datafield>
    </record>