
    
    <!-- 260 c vague -->
    <record>
        <leader>66662cim  2200457Ia 45í0</leader>
        <controlfield tag="001">a260cvague</controlfield>
        <controlfield tag="008">041202s2000    mdunnn  s      f    eng d</controlfield>
        <datafield tag="245" ind1="1" ind2="4">
            <subfield code="a">260 c vague </subfield>
        </datafield>
        <datafield tag="260" ind1="#" ind2="#">
            <subfield code="c">15--?]</subfield>
        </datafield>
    </record>