
     
<!-- country from 008 -->    
    
    <!-- 008/15-17 mdu -->
    <record>
        <leader>66662cim  2200457Ia 45í0</leader>
        <controlfield tag="001">a008mdu</controlfield>
        <controlfield tag="008">041202s2000    mdunnn  s      f    eng d</controlfield>
        <datafield tag="245" ind1="1" ind2="4">
            <subfield code="a">008/15-17 mdu Maryland</subfield>
        </datafield>
    </record>