
    
    <!-- 008/15-17 vp (to ignore) -->
    <record>
        <leader>66662cim  2200457Ia 45í0</leader>
        <controlfield tag="001">a008vp</controlfield>
        <controlfield tag="008">041202s2000    vp nnn  s      f    eng d</controlfield>
        <datafield tag="245" ind1="1" ind2="4">
            <subfield code="a">008/15-17 vp Various Places to be ignored</subfield>
        </datafield>
    </record>